@article{blast,
  title={{BLAST}+: architecture and applications},
  author={Camacho, Christiam and Coulouris, George and Avagyan, Vahram and Ma, Ning and Papadopoulos, Jason and Bealer, Kevin and Madden, Thomas L},
  journal={BMC Bioinformatics},
  volume={10},
  number={1},
  pages={421},
  year={2009},
  publisher={BioMed Central Ltd}
}
@article{DeQueiroz2007,
    author = {de Queiroz, Alan and Gatesy, John},
    journal = {{Trends in Ecology \& Evolution}},
    number = {1},
    pages = {34--41},
    title = {{The supermatrix approach to systematics.}},
    volume = {22},
    year = {2007}
}
@article{Sanderson2008,
    author = {Sanderson, Michael J and Boss, Darren and Chen, Duhong and Cranston, Karen a and Wehe, Andre},
    journal = {Systematic Biology},
    number = {3},
    pages = {335--46},
    title = {{The PhyLoTA Browser: processing GenBank for molecular phylogenetics research.}},
    volume = {57},
    year = {2008}
}
@article{Smith2009,
    author = {Smith, Stephen a and Beaulieu, Jeremy M and Donoghue, Michael J},
    journal = {BMC Evolutionary Biology},
    pages = {37},
    title = {{Mega-phylogeny approach for comparative biology: an alternative to supertree and supermatrix approaches.}},
    volume = {9},
    year = {2009}
}
@article{Fischer2012,
    author={Fischer, Mareike},
    journal = {arXiv preprint arXiv:1206.3472},
    title = {{Perfect taxon sampling and phylogenetically decisive taxon coverage}},
    year = {2012}
}
@article{Steel2010,
    author = {Steel, Mike and Sanderson, Michael J.},
    journal = {Applied Mathematics Letters},
    number = {1},
    pages = {82--86},
    publisher = {Elsevier Ltd},
    title = {{Characterizing phylogenetically decisive taxon coverage}},
    volume = {23},
    year = {2010}
}
@article{Sanderson2010,
    author = {Sanderson, Michael J and McMahon, Michelle M and Steel, Mike},
    journal = {BMC evolutionary biology},
    pages = {155},
    title = {{Phylogenomics with incomplete taxon coverage: the limits to inference.}},
    volume = {10},
    year = {2010}
}
@article{Sneath1957,
    author = {Sneath, P. H. A.},
    journal = {Journal of General Microbiology},
    number = {1},
    pages = {201--226},
    title = {{The Application of Computers to Taxonomy}},
    volume = {17},
    year = {1957}
}
@article{Sibson1973,
    author = {Sibson, R},
    journal = {The Computer Journal},
    number = {1},
    pages = {30--34},
    title = {{SLINK: An optimally efficient algorithm for the single-link cluster method}},
    volume = {16},
    year = {1973}
}
@article{katoh2002mafft,
  title={MAFFT: a novel method for rapid multiple sequence alignment based on fast Fourier transform},
  author={Katoh, Kazutaka and Misawa, Kazuharu and Kuma, Kei-ichi and Miyata, Takashi},
  journal={Nucleic acids research},
  volume={30},
  number={14},
  pages={3059--3066},
  year={2002},
  publisher={Oxford Univ Press}
}
@article{biopython,
  title={Biopython: freely available Python tools for computational molecular biology and bioinformatics},
  author={Cock, Peter JA and Antao, Tiago and Chang, Jeffrey T and Chapman, Brad A and Cox, Cymon J and Dalke, Andrew and Friedberg, Iddo and Hamelryck, Thomas and Kauff, Frank and Wilczynski, Bartek and others},
  journal={Bioinformatics},
  volume={25},
  number={11},
  pages={1422--1423},
  year={2009},
  publisher={Oxford Univ Press}
}
@Misc{multiprocessing,
  title = {Python multiprocessing module},
  author = "{Python Software Foundation}",
  howpublished = {http://docs.python.org/library/multiprocessing.html},
  year = {2008}
}
@misc{sqlite,
  title={SQLite},
  author={Hipp, D Richard and Kennedy, D},
  howpublished = {http://www.sqlite.org},
  year={2007}
}
@article{sumac,
    title={{SUMAC: software for constructing phylogenetic supermatrices and assessing partially decisive taxon coverage.}},
    journal={In prep},
    author={Freyman, W.A.},
    year={2015},
}
